<?xml version="1.0" encoding="utf-8"?>
<record xmlns="http://www.loc.gov/MARC21/slim" xmlns:xsi="http://www.w3.org/2001/XMLSchema-instance" xsi:schemaLocation="http://www.loc.gov/MARC21/slim http://www.loc.gov/standards/marcxml/schema/MARC21slim.xsd">
	<leader>
		02792nam a2200373   4500
	</leader>
	<controlfield tag="001">
		400395
	</controlfield>
	<controlfield tag="003">
		NjP
	</controlfield>
	<controlfield tag="006">
		m        d        
	</controlfield>
	<controlfield tag="007">
		cr cn |||m|||a
	</controlfield>
	<controlfield tag="008">
		151002r19801939ir      o     000 0 ara d
	</controlfield>
	<datafield ind1=" " ind2=" " tag="040">
		<subfield code="a">
			NNU
		</subfield>
		<subfield code="b">
			eng
		</subfield>
		<subfield code="e">
			rda
		</subfield>
		<subfield code="c">
			NNU
		</subfield>
	</datafield>
	<datafield ind1="1" ind2=" " tag="100">
		<subfield code="a">
			Sujāʻī, Aḥmad ibn Aḥmad,
		</subfield>
		<subfield code="d">
			-1783?
		</subfield>
	</datafield>
	<datafield ind1="1" ind2="0" tag="245">
		<subfield code="a">
			Ḥāshiyat al-ʻallāmah al-fāḍil, mashkūr al-masāʻī Aḥmad ibn Aḥmad al-Sujāʻī, al-mutawaffá sanat 1197 H ʻalá Sharḥ Jamāl al-Dīn Abī Muḥammad ʻAbd Allāh ibn Yūsuf ibn Hishām al-Anṣārī li-muqaddimatihi Qaṭr al-nadá wa-ball al-ṣadá. Wa-bi-al-hāmish al-Sharḥ al-madhkūr maʻa baʻḍ taqrīrāt ʻalá al-Ḥāshiyah /
		</subfield>
		<subfield code="c">
			li-Shams al-Dīn Muḥammad al-Anbābī.
		</subfield>
	</datafield>
	<datafield ind1="3" ind2=" " tag="246">
		<subfield code="a">
			Taqrīr ʻalá Ḥāshiyat al-Sujāʻī ʻalá Sharḥ al-Qaṭr li-Ibn Hishām
		</subfield>
	</datafield>
	<datafield ind1="3" ind2=" " tag="246">
		<subfield code="a">
			Ḥāshiyah ʻalá sharḥ Jamāl al-Dīn Abī Muḥammad ʻAbd Allāh ...
		</subfield>
	</datafield>
	<datafield ind1=" " ind2=" " tag="250">
		<subfield code="a">
			al-Ṭabʻah al-akhīrah.
		</subfield>
	</datafield>
	<datafield ind1=" " ind2=" " tag="260">
		<subfield code="a">
			Qum, Īrān :
		</subfield>
		<subfield code="b">
			al-Raḍī,
		</subfield>
		<subfield code="c">
			[198-]
		</subfield>
	</datafield>
	<datafield ind1=" " ind2=" " tag="300">
		<subfield code="a">
			online resource (132 pages)
		</subfield>
	</datafield>
	<datafield ind1=" " ind2=" " tag="336">
		<subfield code="a">
			text
		</subfield>
		<subfield code="2">
			rdacontent
		</subfield>
	</datafield>
	<datafield ind1=" " ind2=" " tag="337">
		<subfield code="a">
			computer
		</subfield>
		<subfield code="2">
			rdamedia
		</subfield>
	</datafield>
	<datafield ind1=" " ind2=" " tag="338">
		<subfield code="a">
			online resource
		</subfield>
		<subfield code="2">
			rdacarrier
		</subfield>
	</datafield>
	<datafield ind1=" " ind2=" " tag="500">
		<subfield code="a">
			Part of the Arabic Collections Online (ACO) project, contributed by Princeton University Libraries.
		</subfield>
	</datafield>
	<datafield ind1=" " ind2=" " tag="533">
		<subfield code="a">
			Electronic reproduction.
		</subfield>
		<subfield code="b">
			New York, N.Y. :
		</subfield>
		<subfield code="c">
			New York University,
		</subfield>
		<subfield code="d">
			2015.
		</subfield>
		<subfield code="5">
			NNU
		</subfield>
	</datafield>
	<datafield ind1=" " ind2=" " tag="534">
		<subfield code="p">
			Reprint. Originally published:
		</subfield>
		<subfield code="c">
			al-Qāhirah, Miṣr : Maṭbaʻat Muṣṭafá al-Bābī al-Ḥalabī, 1939.
		</subfield>
	</datafield>
	<datafield ind1="1" ind2="0" tag="600">
		<subfield code="a">
			Ibn Hishām, ʻAbd Allāh ibn Yūsuf,
		</subfield>
		<subfield code="d">
			1309-1360.
		</subfield>
		<subfield code="t">
			Qaṭr al-nadá wa-ball al-ṣadá.
		</subfield>
	</datafield>
	<datafield ind1="1" ind2="0" tag="600">
		<subfield code="a">
			Anbābī, Muḥammad ibn Muḥammad,
		</subfield>
		<subfield code="d">
			1824 or 1825-1895 or 1896.
		</subfield>
		<subfield code="t">
			Taqrīr ʻalá Ḥāshiyat al-Sujāʻī ʻalá Sharḥ al-Qaṭr li-Ibn Hishām.
		</subfield>
	</datafield>
	<datafield ind1=" " ind2="0" tag="650">
		<subfield code="a">
			Arabic language
		</subfield>
		<subfield code="x">
			Grammar
		</subfield>
		<subfield code="v">
			Early works to 1800.
		</subfield>
	</datafield>
	<datafield ind1="1" ind2="2" tag="700">
		<subfield code="a">
			Anbābī, Muḥammad ibn Muḥammad,
		</subfield>
		<subfield code="d">
			1824 or 1825-1895 or 1896.
		</subfield>
		<subfield code="t">
			Taqrīr ʻalá Ḥāshiyat al-Sujāʻī ʻalá Sharḥ al-Qaṭr li-Ibn Hishām.
		</subfield>
	</datafield>
	<datafield ind1="2" ind2=" " tag="710">
		<subfield code="a">
			Princeton University.
		</subfield>
		<subfield code="b">
			Library.
		</subfield>
	</datafield>
	<datafield ind1="0" ind2=" " tag="730">
		<subfield code="a">
			Arabic Collections Online.
		</subfield>
	</datafield>
	<datafield ind1="0" ind2="8" tag="776">
		<subfield code="i">
			Print version:
		</subfield>
		<subfield code="a">
			Sujāʻī, Aḥmad ibn Aḥmad, -1783?
		</subfield>
		<subfield code="t">
			Ḥāshiyat al-ʻallāmah al-fāḍil, mashkūr al-masāʻī Aḥmad ibn Aḥmad al-Sujāʻī, al-mutawaffá sanat 1197 H ʻalá Sharḥ Jamāl al-Dīn Abī Muḥammad ʻAbd Allāh ibn Yūsuf ibn Hishām al-Anṣārī li-muqaddimatihi Qaṭr al-nadá wa-ball al-ṣadá. Wa-bi-al-hāmish al-Sharḥ al-madhkūr maʻa baʻḍ taqrīrāt ʻalá al-Ḥāshiyah
		</subfield>
		<subfield code="w">
			(NjP)400395
		</subfield>
		<subfield code="w">
			(OCoLC)25342296
		</subfield>
	</datafield>
	<datafield ind1="4" ind2="0" tag="856">
		<subfield code="u">
			http://hdl.handle.net/2333.1/c2fqz8xr
		</subfield>
	</datafield>
	<datafield ind1=" " ind2=" " tag="959">
		<subfield code="a">
			NNU
		</subfield>
		<subfield code="b">
			WEB
		</subfield>
		<subfield code="c">
			GENI
		</subfield>
		<subfield code="t">
			0
		</subfield>
		<subfield code="m">
			Electronic access
		</subfield>
		<subfield code="s">
			01
		</subfield>
	</datafield>
	<datafield ind1=" " ind2=" " tag="999">
		<subfield code="i">
			NjP_400395
		</subfield>
		<subfield code="o">
			(OCoLC)ocm25342296 
		</subfield>
		<subfield code="s">
			princeton_aco000023
		</subfield>
		<subfield code="e">
			(ERROR-880)
		</subfield>
	</datafield>
</record>
